
@inproceedings{zaddach2014avatar,
  title={AVATAR: A Framework to Support Dynamic Security Analysis of Embedded Systems' Firmwares.},
  author={Zaddach, Jonas and Bruno, Luca and Francillon, Aurelien and Balzarotti, Davide and others},
  booktitle={NDSS},
  year={2014}
}

@inproceedings{costin2014large,
  title={A Large-Scale Analysis of the Security of Embedded Firmwares.},
  author={Costin, Andrei and Zaddach, Jonas and Francillon, Aur{\'e}lien and Balzarotti, Davide and Antipolis, Sophia},
  booktitle={USENIX Security Symposium},
  pages={95--110},
  year={2014}
}

@inproceedings{shoshitaishvili2015firmalice,
  title={Firmalice-Automatic Detection of Authentication Bypass Vulnerabilities in Binary Firmware.},
  author={Shoshitaishvili, Yan and Wang, Ruoyu and Hauser, Christophe and Kruegel, Christopher and Vigna, Giovanni},
  booktitle={NDSS},
  year={2015}
}

@inproceedings{redini2017bootstomp,
  title={Bootstomp: on the security of bootloaders in mobile devices},
  author={Redini, Nilo and Machiry, Aravind and Das, Dipanjan and Fratantonio, Yanick and Bianchi, Antonio and Gustafson, Eric and Shoshitaishvili, Yan and Kruegel, Christopher and Vigna, Giovanni},
  booktitle={26th USENIX Security Symposium},
  year={2017}
}

@inproceedings{machiry2017dr,
  title={DR. CHECKER: A Soundy Analysis for Linux Kernel Drivers},
  author={Machiry, Aravind and Spensky, Chad and Corina, Jake and Stephens, Nick and Kruegel, Christopher and Vigna, Giovanni},
  booktitle={26th USENIX Security Symposium},
  year={2017}
}

@inproceedings{Mangal:2015:UAP:2786805.2786851,
 author = {Mangal, Ravi and Zhang, Xin and Nori, Aditya V. and Naik, Mayur},
 title = {A User-guided Approach to Program Analysis},
 booktitle = {Proceedings of the 2015 10th Joint Meeting on Foundations of Software Engineering},
 series = {ESEC/FSE 2015},
 year = {2015},
 isbn = {978-1-4503-3675-8},
 location = {Bergamo, Italy},
 pages = {462--473},
 numpages = {12},
 url = {http://doi.acm.org/10.1145/2786805.2786851},
 doi = {10.1145/2786805.2786851},
 acmid = {2786851},
 publisher = {ACM},
 address = {New York, NY, USA},
 keywords = {User feedback, program analysis, report classification},
} 
